@book{bishop2006,
   title =     {Pattern Recognition and Machine Learning},
   author =    {Christopher M. Bishop},
   publisher = {Springer},
   isbn =      {9780387310732,0387310738},
   year =      {2006},
   series =    {Information science and statistics},
   edition =   {1st ed. 2006. Corr. 2nd printing},
   volume =    {}
}

@book{james2013introduction,
  title={An introduction to statistical learning},
  author={James, Gareth and Witten, Daniela and Hastie, Trevor and Tibshirani, Robert},
  volume={112},
  year={2013},
  publisher={Springer}
}

@book{sammut2017encyclopedia,
  title={Encyclopedia of machine learning and data mining},
  author={Sammut, Claude and Webb, Geoffrey I},
  year={2017},
  publisher={Springer}
}

@article{dreiseitl2002logistic,
  title={Logistic regression and artificial neural network classification models: a methodology review},
  author={Dreiseitl, Stephan and Ohno-Machado, Lucila},
  journal={Journal of biomedical informatics},
  volume={35},
  number={5-6},
  pages={352--359},
  year={2002},
  publisher={Elsevier}
}

@article{allwein2000reducing,
  title={Reducing multiclass to binary: A unifying approach for margin classifiers},
  author={Allwein, Erin L and Schapire, Robert E and Singer, Yoram},
  journal={Journal of machine learning research},
  volume={1},
  number={Dec},
  pages={113--141},
  year={2000}
}

@book{han2011data,
  title={Data mining: concepts and techniques},
  author={Han, Jiawei and Pei, Jian and Kamber, Micheline},
  year={2011},
  publisher={Elsevier}
}

@book{garcia2015data,
  title={Data preprocessing in data mining},
  author={Garc{\'\i}a, Salvador and Luengo, Juli{\'a}n and Herrera, Francisco},
  year={2015},
  publisher={Springer}
}

@article{mohamad2013standardization,
  title={Standardization and its effects on K-means clustering algorithm},
  author={Mohamad, Ismail Bin and Usman, Dauda},
  journal={Research Journal of Applied Sciences, Engineering and Technology},
  volume={6},
  number={17},
  pages={3299--3303},
  year={2013}
}

@inproceedings{stolcke2008nonparametric,
  title={Nonparametric feature normalization for SVM-based speaker verification},
  author={Stolcke, Andreas and Kajarekar, Sachin and Ferrer, Luciana},
  booktitle={Acoustics, Speech and Signal Processing, 2008. ICASSP 2008. IEEE International Conference on},
  pages={1577--1580},
  year={2008},
  organization={IEEE}
}

@article{bolstad2003comparison,
  title={A comparison of normalization methods for high density oligonucleotide array data based on variance and bias},
  author={Bolstad, Benjamin M and Irizarry, Rafael A and {\AA}strand, Magnus and Speed, Terence P.},
  journal={Bioinformatics},
  volume={19},
  number={2},
  pages={185--193},
  year={2003},
  publisher={Oxford University Press}
}

@article{arlot2010survey,
  title={A survey of cross-validation procedures for model selection},
  author={Arlot, Sylvain and Celisse, Alain and others},
  journal={Statistics surveys},
  volume={4},
  pages={40--79},
  year={2010},
  publisher={The author, under a Creative Commons Attribution License}
}

@article{kohavi2001,
author = {Kohavi, Ron},
year = {2001},
month = {03},
pages = {},
title = {A Study of Cross-Validation and Bootstrap for Accuracy Estimation and Model Selection},
volume = {14}
}

@article{shao1993linear,
  title={Linear model selection by cross-validation},
  author={Shao, Jun},
  journal={Journal of the American statistical Association},
  volume={88},
  number={422},
  pages={486--494},
  year={1993},
  publisher={Taylor \& Francis Group}
}

@incollection{de2015feature,
  title={Feature selection},
  author={De Silva, Anthony Mihirana and Leong, Philip HW},
  booktitle={Grammar-Based Feature Generation for Time-Series Prediction},
  pages={13--24},
  year={2015},
  publisher={Springer}
}

@article{guyon2003introduction,
  title={An introduction to variable and feature selection},
  author={Guyon, Isabelle and Elisseeff, Andr{\'e}},
  journal={Journal of machine learning research},
  volume={3},
  number={Mar},
  pages={1157--1182},
  year={2003}
}

@article{fawcett2006introduction,
  title={An introduction to ROC analysis},
  author={Fawcett, Tom},
  journal={Pattern recognition letters},
  volume={27},
  number={8},
  pages={861--874},
  year={2006},
  publisher={Elsevier}
}

@inproceedings{quinlan1996bagging,
  title={Bagging, boosting, and C4. 5},
  author={Quinlan, J Ross and others},
  booktitle={AAAI/IAAI, Vol. 1},
  pages={725--730},
  year={1996}
}

@article{tasman,
  title={DETERMINANT OF FINANCIAL DISTRESS AND BANKRUPTCY IN MISCELLANEOUS INDUSTRY},
  author={Tasman, Abel and Masdupi, Erni},
  year={2014}
}

@article{zikeba2016ensemble, 
title={Ensemble Boosted Trees with Synthetic Features Generation in Application to Bankruptcy Prediction}, 
author={Zi{k{e}}ba, Maciej and Tomczak, Sebastian K and Tomczak, Jakub M}, 
journal={Expert Systems with Applications}, 
year={2016}, 
publisher={Elsevier} 
}
